@inproceedings{socher2013recursive,
  title={Recursive deep models for semantic compositionality over a sentiment treebank},
  author={Socher, Richard and Perelygin, Alex and Wu, Jean Y and Chuang, Jason and Manning, Christopher D and Ng, Andrew Y and Potts, Christopher and others},
  booktitle={Proceedings of the conference on empirical methods in natural language processing (EMNLP)},
  volume={1631},
  pages={1642},
  year={2013},
  organization={Citeseer}
}

@inproceedings{socher2012semantic,
  title={Semantic compositionality through recursive matrix-vector spaces},
  author={Socher, Richard and Huval, Brody and Manning, Christopher D and Ng, Andrew Y},
  booktitle={Proceedings of the 2012 Joint Conference on Empirical Methods in Natural Language Processing and Computational Natural Language Learning},
  pages={1201--1211},
  year={2012},
  organization={Association for Computational Linguistics}
}


@inproceedings{kiela2014systematic,
  title={A systematic study of semantic vector space model parameters},
  author={Kiela, Douwe and Clark, Stephen},
  booktitle={Proceedings of the 2nd Workshop on Continuous Vector Space Models and their Compositionality (CVSC) at EACL},
  pages={21--30},
  year={2014}
}

@article{pang2008opinion,
  title={Opinion mining and sentiment analysis},
  author={Pang, Bo and Lee, Lillian and others},
  journal={Foundations and Trends{\textregistered} in Information Retrieval},
  volume={2},
  number={1--2},
  pages={1--135},
  year={2008},
  publisher={Now Publishers, Inc.}
}

@inproceedings{rentoumi2010united,
  title={United we Stand: Improving Sentiment Analysis by Joining Machine Learning and Rule Based Methods.},
  author={Rentoumi, Vassiliki and Petrakis, Stefanos and Klenner, Manfred and Vouros, George A and Karkaletsis, Vangelis},
  booktitle={LREC},
  year={2010}
}

@inproceedings{li2010sentiment,
  title={Sentiment classification and polarity shifting},
  author={Li, Shoushan and Lee, Sophia Yat Mei and Chen, Ying and Huang, Chu-Ren and Zhou, Guodong},
  booktitle={Proceedings of the 23rd International Conference on Computational Linguistics},
  pages={635--643},
  year={2010},
  organization={Association for Computational Linguistics}
}

@inproceedings{mullen2004sentiment,
  title={Sentiment Analysis using Support Vector Machines with Diverse Information Sources.},
  author={Mullen, Tony and Collier, Nigel},
  booktitle={EMNLP},
  volume={4},
  pages={412--418},
  year={2004}
}

@inproceedings{klein2003accurate,
  title={Accurate unlexicalized parsing},
  author={Klein, Dan and Manning, Christopher D},
  booktitle={Proceedings of the 41st Annual Meeting on Association for Computational Linguistics-Volume 1},
  pages={423--430},
  year={2003},
  organization={Association for Computational Linguistics}
}

@article{kouloumpis2011twitter,
  title={Twitter sentiment analysis: The good the bad and the omg!},
  author={Kouloumpis, Efthymios and Wilson, Theresa and Moore, Johanna D},
  journal={Icwsm},
  volume={11},
  number={538-541},
  pages={164},
  year={2011}
}

@article{bollen2011twitter,
  title={Twitter mood predicts the stock market},
  author={Bollen, Johan and Mao, Huina and Zeng, Xiaojun},
  journal={Journal of computational science},
  volume={2},
  number={1},
  pages={1--8},
  year={2011},
  publisher={Elsevier}
}

@inproceedings{wang2012system,
  title={A system for real-time twitter sentiment analysis of 2012 us presidential election cycle},
  author={Wang, Hao and Can, Dogan and Kazemzadeh, Abe and Bar, Fran{\c{c}}ois and Narayanan, Shrikanth},
  booktitle={Proceedings of the ACL 2012 System Demonstrations},
  pages={115--120},
  year={2012},
  organization={Association for Computational Linguistics}
}

@article{bollen2011modeling,
  title={Modeling public mood and emotion: Twitter sentiment and socio-economic phenomena.},
  author={Bollen, Johan and Mao, Huina and Pepe, Alberto},
  journal={ICWSM},
  volume={11},
  pages={450--453},
  year={2011}
}

@article{tumasjan2010predicting,
  title={Predicting elections with twitter: What 140 characters reveal about political sentiment.},
  author={Tumasjan, Andranik and Sprenger, Timm Oliver and Sandner, Philipp G and Welpe, Isabell M},
  journal={ICWSM},
  volume={10},
  number={1},
  pages={178--185},
  year={2010}
}

@inproceedings{petrovic2010edinburgh,
  title={The edinburgh twitter corpus},
  author={Petrovic, Sasa and Osborne, Miles and Lavrenko, Victor},
  booktitle={Proceedings of the NAACL HLT 2010 Workshop on Computational Linguistics in a World of Social Media},
  pages={25--26},
  year={2010}
}

@misc{tensorflow,
  title = {{Kaggle Dataset}},
  howpublished = {\url{https://www.tensorflow.org}},
  note = {Accessed: 2017-03-21}
}
@misc{kaggleData,
  title = {{Kaggle Dataset}},
  howpublished = {\url{https://inclass.kaggle.com/c/si650winter11}},
  note = {Accessed: 2017-03-21}
}

@misc{sanderData,
  title = {{Twitter Sentiment Corpus}},
  howpublished ={\url{http://www.sananalytics.com/lab/twitter-sentiment/}},
  note = {Accessed: 2017-03-21}
}

@misc{thinknookData,
  title = {{Twitter Sentiment Corpus}},
  howpublished={\url{http://thinknook.com/wp-content/uploads/2012/09/Sentiment-Analysis-Dataset.zip}},
  note = {Accessed: 2017-03-21}
}

@inproceedings{agarwal2011sentiment,
  title={Sentiment analysis of twitter data},
  author={Agarwal, Apoorv and Xie, Boyi and Vovsha, Ilia and Rambow, Owen and Passonneau, Rebecca},
  booktitle={Proceedings of the workshop on languages in social media},
  pages={30--38},
  year={2011},
  organization={Association for Computational Linguistics}
}

@article{mosteller1964inference,
  title={Inference and disputed authorship: The Federalist},
  author={Mosteller, Frederick and Wallace, David},
  year={1964},
  publisher={Addison-Wesley}
}

@article{go2009twitter,
  title={Twitter sentiment classification using distant supervision},
  author={Go, Alec and Bhayani, Richa and Huang, Lei},
  journal={CS224N Project Report, Stanford},
  volume={1},
  number={12},
  year={2009}
}

@article{kim2014convolutional,
  title={Convolutional neural networks for sentence classification},
  author={Kim, Yoon},
  journal={arXiv preprint arXiv:1408.5882},
  year={2014}
}

@inproceedings{pak2010twitter,
  title={Twitter as a Corpus for Sentiment Analysis and Opinion Mining.},
  author={Pak, Alexander and Paroubek, Patrick},
  booktitle={LREc},
  volume={10},
  number={2010},
  year={2010}
}

@article{vinodhini2012sentiment,
  title={Sentiment analysis and opinion mining: a survey},
  author={Vinodhini, G and Chandrasekaran, RM},
  journal={International Journal},
  volume={2},
  number={6},
  pages={282--292},
  year={2012}
}

@article{mikolov2013efficient,
  title={Efficient estimation of word representations in vector space},
  author={Mikolov, Tomas and Chen, Kai and Corrado, Greg and Dean, Jeffrey},
  journal={arXiv preprint arXiv:1301.3781},
  year={2013}
}
